%% This BibTeX bibliography file was created using BibDesk.
%% http://bibdesk.sourceforge.net/


%% Created for Navjot Kukreja at 2018-10-01 17:04:39 +0100 


%% Saved with string encoding Unicode (UTF-8) 



@article{zhang2011stable,
	Author = {Zhang, Yu and Zhang, Houzhu and Zhang, Guanquan},
	Date-Added = {2018-10-01 17:01:13 +0100},
	Date-Modified = {2018-10-01 17:01:13 +0100},
	Journal = {Geophysics},
	Number = {3},
	Pages = {WA3--WA11},
	Publisher = {Society of Exploration Geophysicists},
	Title = {A stable TTI reverse time migration and its implementation},
	Volume = {76},
	Year = {2011}}

@article{devito-api,
	Archiveprefix = {arXiv},
	Author = {{Louboutin}, M. and {Lange}, M. and {Luporini}, F. and {Kukreja}, N. and {Witte}, P.~A. and {Herrmann}, F.~J. and {Velesko}, P. and {Gorman}, G.~J.},
	Date-Added = {2018-10-01 16:19:05 +0100},
	Date-Modified = {2018-10-01 16:19:05 +0100},
	Eprint = {1808.01995},
	Journal = {CoRR},
	Month = {Aug},
	Title = {Devito: an embedded domain-specific language for finite differences and geophysical exploration},
	Url = {https://arxiv.org/abs/1808.01995},
	Volume = {abs/1808.01995},
	Year = {2018},
	Bdsk-Url-1 = {https://arxiv.org/abs/1808.01995}}

@article{devito-compiler,
	Archiveprefix = {arXiv},
	Author = {{Luporini}, F. and {Lange}, M. and {Louboutin}, M. and {Kukreja}, N. and {H{\"u}ckelheim}, J. and {Yount}, C. and {Witte}, P. and {Kelly}, P.~H.~J. and {Gorman}, G.~J. and {Herrmann}, F.~J.},
	Date-Added = {2018-10-01 16:12:08 +0100},
	Date-Modified = {2018-10-01 16:12:08 +0100},
	Eprint = {1807.03032},
	Journal = {CoRR},
	Month = {jul},
	Title = {Architecture and performance of Devito, a system for automated stencil computation},
	Url = {http://arxiv.org/abs/1807.03032},
	Volume = {abs/1807.03032},
	Year = {2018},
	Bdsk-Url-1 = {http://arxiv.org/abs/1807.03032}}

@article{boehm2016wavefield,
	Author = {Boehm, Christian and Hanzich, Mauricio and de la Puente, Josep and Fichtner, Andreas},
	Date-Added = {2018-10-01 15:33:47 +0100},
	Date-Modified = {2018-10-01 15:33:47 +0100},
	Journal = {Geophysics},
	Number = {6},
	Pages = {R385--R397},
	Publisher = {Society of Exploration Geophysicists},
	Title = {Wavefield compression for adjoint methods in full-waveform inversion},
	Volume = {81},
	Year = {2016}}

@inbook{Kaklamanis:2012aa,
	Author = {Kaklamanis, Christos and Papatheodorou, Theodore and Spirakis, PaulG. and Iverson, Jeremy and Kamath, Chandrika and Karypis, George},
	Booktitle = {Euro-Par 2012 Parallel Processing},
	Chapter = {Fast and Effective Lossy Compression Algorithms for Scientific Datasets},
	Da = {2012/01/01},
	Date-Added = {2018-10-01 15:33:24 +0100},
	Date-Modified = {2018-10-01 15:33:24 +0100},
	Isbn = {978-3-642-32819-0},
	La = {English},
	Pages = {843-856},
	Publisher = {Springer Berlin Heidelberg},
	Se = {83},
	Title = {Lecture Notes in Computer Science},
	Title1 = {Fast and Effective Lossy Compression Algorithms for Scientific Datasets},
	Ty = {CHAP},
	Volume = {7484},
	Year = {2012}}

@conference{gpu-compression,
	Author = {O'Neil, Molly A. and Burtscher, Martin},
	Booktitle = {Proceedings of the Fourth Workshop on General Purpose Processing on Graphics Processing Units},
	Date-Added = {2018-10-01 15:32:12 +0100},
	Date-Modified = {2018-10-01 15:32:12 +0100},
	Doi = {10.1145/1964179.1964189},
	Keywords = {GPGPU, floating-point data, lossless data compression, real-time compression},
	Publisher = {ACM},
	Title = {Floating-point Data Compression at 75 Gb/s on a {GPU}},
	Year = {2011},
	Bdsk-Url-1 = {https://doi.org/10.1145/1964179.1964189}}

@inproceedings{ratanaworabhan2006fast,
	Author = {Ratanaworabhan, Paruj and Ke, Jian and Burtscher, Martin},
	Booktitle = {Data Compression Conference, 2006. DCC 2006. Proceedings},
	Date-Added = {2018-10-01 15:31:49 +0100},
	Date-Modified = {2018-10-01 15:31:49 +0100},
	Organization = {IEEE},
	Pages = {133--142},
	Title = {Fast lossless compression of scientific floating-point data},
	Year = {2006}}

@article{fichtner2009full,
	Author = {Fichtner, Andreas and Kennett, Brian LN and Igel, Heiner and Bunge, Hans-Peter},
	Date-Added = {2018-10-01 15:30:16 +0100},
	Date-Modified = {2018-10-01 15:30:16 +0100},
	Journal = {Geophysical Journal International},
	Number = {3},
	Pages = {1703--1725},
	Publisher = {Blackwell Publishing Ltd Oxford, UK},
	Title = {Full seismic waveform tomography for upper-mantle structure in the Australasian region using adjoint methods},
	Volume = {179},
	Year = {2009}}

@inproceedings{dalmau2014lossy,
	Author = {Dalmau, F Rubio and Hanzich, M and de la Puente, J and Guti{\'e}rrez, N},
	Booktitle = {EAGE Workshop on High Performance Computing for Upstream},
	Date-Added = {2018-10-01 15:29:54 +0100},
	Date-Modified = {2018-10-01 15:29:54 +0100},
	Title = {Lossy data compression with DCT transforms},
	Year = {2014}}

@article{cyr2015towards,
	Author = {Cyr, ERIC C and Shadid, JN and Wildey, T},
	Date-Added = {2018-10-01 15:29:15 +0100},
	Date-Modified = {2018-10-01 15:29:15 +0100},
	Journal = {Computer Methods in Applied Mechanics and Engineering},
	Pages = {24--44},
	Publisher = {Elsevier},
	Title = {Towards efficient backward-in-time adjoint computations using data compression techniques},
	Volume = {288},
	Year = {2015}}
